%%%%%%%%%%%%%%%%%%%%%%%%%%%%%%%%%%%%%%%%%%%%%%%%%%%%%%%%%%%
% Func:     References on math
% Author:   Watson
% Create Date: Dec 1, 2014
%%%%%%%%%%%%%%%%%%%%%%%%%%%%%%%%%%%%%%%%%%%%%%%%%%%%%%%%%%%

%--------------------------------------------------
% Optimization theory
%--------------------------------------------------

@inproceedings{Nedic2008CISS,
  author        = "A. Nedic and A. Ozdaglar",
  title         = "Subgradient Methods in Network Resource Allocation: Rate Analysis",
  booktitle     = "Proc. the 42nd Annual Conference on Information Sciences and Systems",
  address       = "",
  month         = "Mar",
  year          = "2008",
  pages         = "1189 - 1194",
  abstract      = "",
}

@book{Altman1998CMDP,
  author        = "E. Altman",
  title         = "{Constrained Markov Decision Processes}",
  volume        = "7",
  publisher     = "CRC Press",
  year          = "1999",
}

@book{Puterman2005MDP,
  author       = "M. Puterman",
  edition      = "1st",
  title        = "Markov Decision Processes: Discrete Stochastic Dynamic Programming",
  year         = "2005",
  publisher    = "Wiley",
}

@book{Koole2007MonotonicityMDP,
  title={Monotonicity in {Markov} reward and decision chains: Theory and applications},
  author={Koole, Ger},
  volume={1},
  year={2007},
  publisher={Now Publishers Inc}
}


@book{Bertsekas2005DP,
  author       = "D. P. Bertsekas",
  edition      = "3rd",
  title        = "Dynamic Programming and Optimal Control, Volume I",
  year         = "2005",
  publisher    = "Athena Scientific",
}

@inbook{Kleinberg2005AlgDesign,
  author        = "J. Kleinberg and \`E. Tardos",
  title         = "Algorithm Design",
  chapter       = "2",
  publisher     = "Cambridge University Press",
  year          = "2005",
}

@book{Kushner1997SA,
  author        = "H. J. Kushner and G. G. Yin",
  title         = "Stochastic Approximation and recursive algorithms and applications",
  publisher     = "Springer",
  year          = "1997",
}

@book{Boyd2004CV,
  author        = "S. Boyd and L. Vandenberghe",
  title         = "Convex optimization",
  publisher     = "Cambridge University Press",
  year          = "2004",
}



%--------------------------------------------------
% Probability and statistics
%--------------------------------------------------

@book{Ross2010Probability,
  author       = "S. M. Ross",
  edition      = "10",
  title        = "Introduction to Probability Models",
  year         = "2010",
  publisher    = "Academic Press",
}

@book{Billingsley1986,
  author       = "P. Billingsley",
  edition      = "2nd",
  title        = "Probability and Measurement",
  year         = "1986",
  publisher    = "John Wiley \& Sons",
}

@inbook{Mitzenmacher2005ProbCom,
  author        = "M. Nutzebnacher and E. Upfal",
  title         = "Probability and Computing: Randmoized algorithms and Probabilistic analysis",
  chapter       = "4",
  publisher     = "Cambridge University Press",
  year          = "2005",
}

@article{Hoeffding1963Bound,
  title={Probability inequalities for sums of bounded random variables},
  author={Hoeffding, Wassily},
  journal={Journal of the American Statistical Association},
  volume={58},
  number={301},
  pages={13--30},
  year={1963},
  publisher={Taylor \& Francis Group}
}

@article{Chvatal1979Hypergeo,
  title={The tail of the hypergeometric distribution},
  author={Chv{\'a}tal, Va{\v{s}}ek},
  journal={Discrete Mathematics},
  volume={25},
  number={3},
  pages={285--287},
  year={1979},
  publisher={Elsevier}
}

@book{Dubhashi2009Concentration,
  title={Concentration of measure for the analysis of randomized algorithms},
  author={Dubhashi, Devdatt P and Panconesi, Alessandro},
  year={2009},
  publisher={Cambridge University Press}
}
