%--------------------------------------------------
%  Previous work and Technical Report
%--------------------------------------------------
@inproceedings{Wu2013WCNC:L_OppSched,
  author        = "H. Wu and Y. Zhang and X. Liu",
  title         = "Laxity-based opportunistic scheduling with flow-level dynamics and deadlines",
  booktitle     = "IEEE WCNC'13",
  address       = "Shanghai, China",
  month         = "Apr.",
  year          = "2013",
  pages         = "",
  abstract      = "",
}

@inproceedings{Wu2014Infocom:AppSchd,
  author        = "H. Wu and X. Lin and X. Liu and Y. Zhang",
  title         = "Application-level scheduling with deadline constraints",
  booktitle     = "IEEE Infocom'14",
  address       = "Toronto, Canada",
  month         = "",
  year          = "2014",
  pages         = "",
  abstract      = "",
}

@misc{Wu2013TR:Infocom2014AppSched,
  title         = "Application-level scheduling with deadline constraints",
  author        = "H. Wu and X. Lin and X. Liu and Y. Zhang",
  howpublished  = "\emph{Technical Report}",
  month         = "",
  url           = "https://engineering.purdue.edu/%7elinx/papers.html",
  year          = "2013",
  abstract      = "",
}

@misc{Wu2013TR:Infocom2014NetSchd,
  title         = "{NetSchd:} The Virtue of Channel and Load Awareness in Alleviating Cellular Congestion",
  author        = "H. Wu and X. Lin and X. Liu and K. Tan and Y. Zhang",
  howpublished  = "\emph{Technical Report}",
  month         = "",
  url           = "https://engineering.purdue.edu/%7elinx/papers.html",
  year          = "2013",
  abstract      = "",
}
